@article {Thesaurus.com2016,
    title = {Roget's 21st Century Thesaurus, Third Edition},
    month = {Dec},
    day = {11},
    year = {2016},
    url = {http://www.thesaurus.com/},
    note = {Roget's 21st Century Thesaurus, Third Edition. Philip Lief Group 2009.}
}

@inproceedings{gorman:05,
  title = {Approximate Searching for Distributional Similarity},
  author = {James Gorman and James R. Curran},
  booktitle = {Proceedings of the ACL-SIGLEX Workshop on Deep Lexical Acquisition}, 
  pages = {97-104},
  year = {2005},
  address = {Ann Arbor},
}

@inproceedings{pham:15,
  author = {N. Pham and A. Lazaridou and M. Baroni},
  year =  {2015},
  title = {A multitask objective to inject lexical contrast into distributional semantics},
  booktitle = {Proceedings of ACL},
  pages = {21-26},
}

